 <marc:record xmlns:marc="http://www.loc.gov/MARC21/slim">
        <marc:leader>02081cam a2200457Ia 4500</marc:leader>
        <marc:controlfield tag="001">6134731</marc:controlfield>
        <marc:controlfield tag="005">20161007162902.0</marc:controlfield>
        <marc:controlfield tag="008">860404s1713 enk 000 1 eng d</marc:controlfield>
        <marc:datafield tag="026" ind1=" " ind2=" ">
            <marc:subfield code="e">odRY arr- lyas thme (3) 1713 (A)</marc:subfield>
            <marc:subfield code="2">fei</marc:subfield>
        </marc:datafield>
        <marc:datafield tag="035" ind1=" " ind2=" ">
            <marc:subfield code="a">(OCoLC)ocm13390246</marc:subfield>
        </marc:datafield>
        <marc:datafield tag="035" ind1=" " ind2=" ">
            <marc:subfield code="a">(PUVoyagerBIBID)6134731</marc:subfield>
        </marc:datafield>
        <marc:datafield tag="035" ind1=" " ind2=" ">
            <marc:subfield code="a">6134731</marc:subfield>
        </marc:datafield>
        <marc:datafield tag="040" ind1=" " ind2=" ">
            <marc:subfield code="a">IXA</marc:subfield>
            <marc:subfield code="b">eng</marc:subfield>
            <marc:subfield code="e">bdrb</marc:subfield>
            <marc:subfield code="c">IXA</marc:subfield>
            <marc:subfield code="d">OCL</marc:subfield>
            <marc:subfield code="d">OCLCQ</marc:subfield>
            <marc:subfield code="d">OCLCG</marc:subfield>
            <marc:subfield code="d">OCLCQ</marc:subfield>
            <marc:subfield code="d">OCLCF</marc:subfield>
            <marc:subfield code="d">PAU</marc:subfield>
        </marc:datafield>
        <marc:datafield tag="035" ind1=" " ind2=" ">
            <marc:subfield code="a">(OCoLC)13390246</marc:subfield>
        </marc:datafield>
        <marc:datafield tag="050" ind1=" " ind2="4">
            <marc:subfield code="a">PR3291.N325</marc:subfield>
            <marc:subfield code="b">N4 1713</marc:subfield>
        </marc:datafield>
        <marc:datafield tag="049" ind1=" " ind2=" ">
            <marc:subfield code="a">PAUU</marc:subfield>
        </marc:datafield>
        <marc:datafield tag="100" ind1="0" ind2=" ">
            <marc:subfield code="a">Noble Venetian.</marc:subfield>
        </marc:datafield>
        <marc:datafield tag="245" ind1="1" ind2="2">
            <marc:subfield code="a">A new voyage to the Island of Fools :</marc:subfield>
            <marc:subfield code="b">representing the policy, government, and present state of the Stultitians /</marc:subfield>
            <marc:subfield code="c">by a noble Venetian ; inscrib'd to the Right Honourable, the Lord Ferdinando ; translated from the Italian.</marc:subfield>
        </marc:datafield>
        <marc:datafield tag="246" ind1=" " ind2=" ">
            <marc:subfield code="a">A new voyage to the Island of Fools, representing the policy, government, and present state of the Stultitians. By a noble Venetian. Inscrib'd to the right honourable, the lord Ferdinando. Translated from the Italian.</marc:subfield>
            <marc:subfield code="d">Letter-press</marc:subfield>
            <marc:subfield code="g">Full</marc:subfield>
            <marc:subfield code="x">Work</marc:subfield>
        </marc:datafield>
        <marc:datafield tag="246" ind1="0" ind2="7">
            <marc:subfield code="a">A new voyage to the Island of Fools.</marc:subfield>
        </marc:datafield>
        <marc:datafield tag="246" ind1="0" ind2="7">
            <marc:subfield code="a">A new voyage to (verso)</marc:subfield>
            <marc:subfield code="a">the Island of Fools. (recto)</marc:subfield>
        </marc:datafield>
        <marc:datafield tag="260" ind1=" " ind2=" ">
            <marc:subfield code="a">London</marc:subfield>
            <marc:subfield code="b">Printed for John Morphew near Stationer's-Hall,</marc:subfield>
            <marc:subfield code="c">1713</marc:subfield>
            <marc:subfield code="c">1713.</marc:subfield>
        </marc:datafield>
        <marc:datafield tag="300" ind1=" " ind2=" ">
            <marc:subfield code="a">[4], 62 p. ;</marc:subfield>
            <marc:subfield code="c">19 cm. (8vo)</marc:subfield>
            <marc:subfield code="x">Octavo</marc:subfield>
        </marc:datafield>
        <marc:datafield tag="500" ind1=" " ind2=" ">
            <marc:subfield code="a">"In fact written originally in English."--ESTC.</marc:subfield>
        </marc:datafield>
        <marc:datafield tag="500" ind1=" " ind2=" ">
            <marc:subfield code="a">Library marginalia on To the Reader and last page of text.</marc:subfield>
        </marc:datafield>
        <marc:datafield tag="500" ind1=" " ind2=" ">
            <marc:subfield code="a">Attributed to Edward Ward. Cf. Sargent. "The second edition, 1715, has author statement: 'By the author of The black-bird's song' [i.e. Edmund Stacy]"--ESTC.</marc:subfield>
        </marc:datafield>
        <marc:datafield tag="500" ind1=" " ind2=" ">
            <marc:subfield code="a">Signatures: [A]² B-H⁴ I⁴(-I4?).</marc:subfield>
        </marc:datafield>
        <marc:datafield tag="500" ind1=" " ind2=" ">
            <marc:subfield code="a">Title within border of double rules.</marc:subfield>
        </marc:datafield>
        <marc:datafield tag="510" ind1="4" ind2=" ">
            <marc:subfield code="a">ESTC</marc:subfield>
            <marc:subfield code="c">N10218</marc:subfield>
        </marc:datafield>
        <marc:datafield tag="510" ind1="4" ind2=" ">
            <marc:subfield code="a">Sargent, L.T. Utopian literature,</marc:subfield>
            <marc:subfield code="c">p. 9</marc:subfield>
        </marc:datafield>
        <marc:datafield tag="520" ind1=" " ind2=" ">
            <marc:subfield code="a">To the reader</marc:subfield>
            <marc:subfield code="b">To the reader.</marc:subfield>
            <marc:subfield code="c">Front</marc:subfield>
            <marc:subfield code="x">"Though this Island of Fools is not to be met with in the map of the world, yet you may guess at the right name of it, as well as its situation, by the manners of the inhabitants."</marc:subfield>
        </marc:datafield>
        <marc:datafield tag="520" ind1=" " ind2=" ">
            <marc:subfield code="a">Poem</marc:subfield>
            <marc:subfield code="b">Semper iidem: or, the whigs new litany.</marc:subfield>
            <marc:subfield code="c">Back</marc:subfield>
            <marc:subfield code="x">Located pp. 54-7. Epigraph to the poem: "Fortem animum praestant rebus quas turpiter audent. Juv. Sat. 6." Transcription: "Great Jove! look down on us poor Whigs,"</marc:subfield>
        </marc:datafield>
        <marc:datafield tag="520" ind1=" " ind2=" ">
            <marc:subfield code="a">Poem</marc:subfield>
            <marc:subfield code="b">An elegy upon the death of the most renown'd general war, by a disbanded officer.</marc:subfield>
            <marc:subfield code="c">Back</marc:subfield>
            <marc:subfield code="x">Located pp. 59-62. Transcription: "I that have often sung of feats of arms,"</marc:subfield>
        </marc:datafield>
        <marc:datafield tag="590" ind1=" " ind2=" ">
            <marc:subfield code="a">Acquired for the Penn Libraries with assistance from the Rosengarten Family Fund.</marc:subfield>
        </marc:datafield>
        <marc:datafield tag="590" ind1=" " ind2=" ">
            <marc:subfield code="a">Penn Libraries copy disbound.</marc:subfield>
        </marc:datafield>
        <marc:datafield tag="591" ind1=" " ind2=" ">
            <marc:subfield code="a">Multaque conquesti terris allabimur illis,---Quas procul hinc cernis; procul hinc tibi (cerne) videna est---Insula, visa mihi.</marc:subfield>
            <marc:subfield code="1">Met. 1. 14.</marc:subfield>
            <marc:subfield code="2">Ovid.</marc:subfield>
            <marc:subfield code="b">Metamorphoses XIV. 243-6</marc:subfield>
            <marc:subfield code="c">Ovid</marc:subfield>
            <marc:subfield code="d">We came to that land you see, in the distance, (believe me the island I saw is best seen from a distance!)</marc:subfield>
            <marc:subfield code="x">Original in Latin. Translation source: http://tinyurl.com/oguk7pf</marc:subfield>
        </marc:datafield>
        <marc:datafield tag="592" ind1=" " ind2=" ">
            <marc:subfield code="a">Epistolary</marc:subfield>
        </marc:datafield>
        <marc:datafield tag="596" ind1=" " ind2=" ">
            <marc:subfield code="a">Translation</marc:subfield>
            <marc:subfield code="b">Title page</marc:subfield>
            <marc:subfield code="c">Italian</marc:subfield>
            <marc:subfield code="e">Translated from the Italian.</marc:subfield>
        </marc:datafield>
        <marc:datafield tag="599" ind1=" " ind2=" ">
            <marc:subfield code="a">Author (text)</marc:subfield>
            <marc:subfield code="b">Generic/Descriptive</marc:subfield>
            <marc:subfield code="2">By a Noble Venetian.</marc:subfield>
            <marc:subfield code="3">Title page</marc:subfield>
            <marc:subfield code="5">Male</marc:subfield>
            <marc:subfield code="7">Most likely a fictional authorship claim.</marc:subfield>
        </marc:datafield>
        <marc:datafield tag="599" ind1=" " ind2=" ">
            <marc:subfield code="a">Author (paratext)</marc:subfield>
            <marc:subfield code="b">Generic/Descriptive</marc:subfield>
            <marc:subfield code="2">By a disbanded officer.</marc:subfield>
            <marc:subfield code="3">Poem</marc:subfield>
            <marc:subfield code="5">Male</marc:subfield>
            <marc:subfield code="7">Most likely a fictional authorship claim.</marc:subfield>
        </marc:datafield>
        <marc:datafield tag="650" ind1=" " ind2="0">
            <marc:subfield code="a">Voyages, Imaginary</marc:subfield>
            <marc:subfield code="v">Early works to 1800.</marc:subfield>
        </marc:datafield>
        <marc:datafield tag="650" ind1=" " ind2="0">
            <marc:subfield code="a">Utopias</marc:subfield>
            <marc:subfield code="v">Fiction</marc:subfield>
            <marc:subfield code="v">Early works to 1800.</marc:subfield>
        </marc:datafield>
        <marc:datafield tag="650" ind1=" " ind2="4">
            <marc:subfield code="a">CHR 1713</marc:subfield>
        </marc:datafield>
        <marc:datafield tag="700" ind1="1" ind2=" ">
            <marc:subfield code="a">Stacy, Edmund,</marc:subfield>
            <marc:subfield code="d">active 1710-1715.</marc:subfield>
        </marc:datafield>
        <marc:datafield tag="700" ind1="1" ind2=" ">
            <marc:subfield code="a">Ward, Edward,</marc:subfield>
            <marc:subfield code="4">1667-1731.</marc:subfield>
        </marc:datafield>
        <marc:datafield tag="700" ind1="1" ind2=" ">
            <marc:subfield code="a">Morphew, John,</marc:subfield>
            <marc:subfield code="e">bookseller.</marc:subfield>
        </marc:datafield>
        <marc:datafield tag="700" ind1=" " ind2=" ">
            <marc:subfield code="a">Lord Ferdinando</marc:subfield>
            <marc:subfield code="4">Dedicatee</marc:subfield>
            <marc:subfield code="5">Unauthorized</marc:subfield>
        </marc:datafield>
        <marc:datafield tag="700" ind1=" " ind2=" ">
            <marc:subfield code="a">Morphew, John</marc:subfield>
            <marc:subfield code="4">Printed for</marc:subfield>
            <marc:subfield code="5">Authorized</marc:subfield>
        </marc:datafield>
        <marc:datafield tag="700" ind1=" " ind2=" ">
            <marc:subfield code="a">Ovid</marc:subfield>
            <marc:subfield code="d">43 B.C.-17 A.D</marc:subfield>
            <marc:subfield code="4">Author (epigraph)</marc:subfield>
            <marc:subfield code="5">Authorized</marc:subfield>
        </marc:datafield>
        <marc:datafield tag="710" ind1="2" ind2=" ">
            <marc:subfield code="a">Collection of British and American Fiction, 1660-1830 (University of Pennsylvania)</marc:subfield>
            <marc:subfield code="5">PU</marc:subfield>
        </marc:datafield>
        <marc:datafield tag="710" ind1="2" ind2=" ">
            <marc:subfield code="a">Rosengarten Family Fund.</marc:subfield>
            <marc:subfield code="5">PU</marc:subfield>
        </marc:datafield>
        <marc:datafield tag="710" ind1="2" ind2=" ">
            <marc:subfield code="a">Early Novels</marc:subfield>
            <marc:subfield code="5">Unversity of Pennsylvania</marc:subfield>
        </marc:datafield>
        <marc:datafield tag="752" ind1=" " ind2=" ">
            <marc:subfield code="a">England</marc:subfield>
            <marc:subfield code="d">London.</marc:subfield>
        </marc:datafield>
        <marc:datafield tag="856" ind1="4" ind2="1">
            <marc:subfield code="z">Facsimile</marc:subfield>
            <marc:subfield code="u">http://hdl.library.upenn.edu/1017/d/print/6134731</marc:subfield>
        </marc:datafield>
        <marc:datafield tag="856" ind1="4" ind2="2">
            <marc:subfield code="3">The Rosengarten Family Fund Home Page</marc:subfield>
            <marc:subfield code="u">http://hdl.library.upenn.edu/1017.12/366323</marc:subfield>
        </marc:datafield>
        <marc:datafield tag="989" ind1=" " ind2=" ">
            <marc:subfield code="3">New</marc:subfield>
            <marc:subfield code="2">Voyage</marc:subfield>
            <marc:subfield code="2">Island</marc:subfield>
            <marc:subfield code="2">Fool</marc:subfield>
            <marc:subfield code="6">Represent</marc:subfield>
            <marc:subfield code="2">Policy</marc:subfield>
            <marc:subfield code="2">Government</marc:subfield>
            <marc:subfield code="3">Present</marc:subfield>
            <marc:subfield code="2">State</marc:subfield>
            <marc:subfield code="2">Stultitian</marc:subfield>
            <marc:subfield code="3">Noble</marc:subfield>
            <marc:subfield code="2">Venetian</marc:subfield>
            <marc:subfield code="6">Inscribe</marc:subfield>
            <marc:subfield code="8">Right</marc:subfield>
            <marc:subfield code="3">Honourable</marc:subfield>
            <marc:subfield code="3">Honorable</marc:subfield>
            <marc:subfield code="5">Lord Ferdinando</marc:subfield>
            <marc:subfield code="2">Lord</marc:subfield>
            <marc:subfield code="6">Translate</marc:subfield>
            <marc:subfield code="2">Italian</marc:subfield>
        </marc:datafield>
        <marc:datafield tag="994" ind1=" " ind2=" ">
            <marc:subfield code="a">C0</marc:subfield>
            <marc:subfield code="b">PAU</marc:subfield>
        </marc:datafield>
        <marc:datafield tag="999" ind1=" " ind2=" ">
            <marc:subfield code="a">DLA</marc:subfield>
            <marc:subfield code="b">20160912</marc:subfield>
        </marc:datafield>
        <marc:datafield tag="999" ind1=" " ind2=" ">
            <marc:subfield code="a">BTA</marc:subfield>
            <marc:subfield code="b">1/4/17</marc:subfield>
            <marc:subfield code="c">University of Pennsylvania</marc:subfield>
            <marc:subfield code="d">YDS</marc:subfield>
        </marc:datafield>
    </marc:record>